@misc{ Amsden2011,
       author = "Edward Amsden",
       title = "A Survey of Functional Reactive Programming",
       year = 2011,
       howpublished = "\mbox{\url{http://www.cs.rit.edu/~eca7215/frp-independent-study/Survey.pdf}}"
 }

@InProceedings {Elliott2009,
  author    = {Conal Elliott},
  title     = {Push-pull functional reactive programming},
  booktitle = {Haskell Symposium},
  url       = {http://conal.net/papers/push-pull-frp},
  year      = 2009
}

@inproceedings{Nilsson2002,
 author = {Nilsson, Henrik and Courtney, Antony and Peterson, John},
 title = {Functional reactive programming, continued},
 booktitle = {Proceedings of the 2002 ACM SIGPLAN workshop on Haskell},
 series = {Haskell '02},
 year = {2002},
 isbn = {1-58113-605-6},
 location = {Pittsburgh, Pennsylvania},
 pages = {51--64},
 numpages = {14},
 url = {http://doi.acm.org/10.1145/581690.581695},
 doi = {http://doi.acm.org/10.1145/581690.581695},
 acmid = {581695},
 publisher = {ACM},
 address = {New York, NY, USA},
 keywords = {FRP, Haskell, domain-specific languages, functional programming, hybrid modeling, synchronous dataflow languages},
}



@inproceedings{Kiselyov2004,
 author = {Kiselyov, Oleg and L\"{a}mmel, Ralf and Schupke, Keean},
 title = {Strongly typed heterogeneous collections},
 booktitle = {Proceedings of the 2004 ACM SIGPLAN workshop on Haskell},
 series = {Haskell '04},
 year = {2004},
 isbn = {1-58113-850-4},
 location = {Snowbird, Utah, USA},
 pages = {96--107},
 numpages = {12},
 url = {http://doi.acm.org/10.1145/1017472.1017488},
 doi = {http://doi.acm.org/10.1145/1017472.1017488},
 acmid = {1017488},
 publisher = {ACM},
 address = {New York, NY, USA},
 keywords = {collections, dependently typed programming, extensible records, haskell, type equality, type improvement, type-indexed rows, type-safe database access},
}

@phdthesis{Sculthorpe2011,
  AUTHOR = {Neil Schulthorpe},
  TITLE = {Towards Safe and Efficient Functional Reactive Programming},
  School= {University of Nottingham, UK},
  YEAR = {2011},
}